@misc{
       Nobody06,
       author = "William E. Shotts Jr",
       title = "The Linux Command Line",
       year = "2012" }