@book{book1, 
    title="Linux命令行大全",
    author="William E. Shotts Jr", 
    year="2019",
    publisher="人民邮电出版社"
}
@book{book2, 
    title="Linux系统与网络管理",
    author="姜大庆", 
    year="2009",
    publisher="中国铁道出版社出版"
}